<record><leader>00000cas a22000007a 4500</leader><controlfield tag="001">29177784</controlfield><controlfield tag="008">931022d19011918okuwr ne      0    0eng d</controlfield><datafield ind1=" " ind2=" " tag="010"><subfield code="a">sn 93066178 </subfield></datafield><datafield ind1=" " ind2=" " tag="040"><subfield code="a">OBN</subfield><subfield code="b">eng</subfield><subfield code="c">OBN</subfield><subfield code="d">OCL</subfield><subfield code="d">OCLCQ</subfield></datafield><datafield ind1=" " ind2=" " tag="042"><subfield code="a">msc</subfield></datafield><datafield ind1="0" ind2=" " tag="130"><subfield code="a">Cheyenne star (Cheyenne, Okla. : 1901)</subfield></datafield><datafield ind1="1" ind2="4" tag="245"><subfield code="a">The Cheyenne star.</subfield></datafield><datafield ind1=" " ind2=" " tag="260"><subfield code="a">Cheyenne, Okla. :</subfield><subfield code="b">I.L. Hoover</subfield></datafield><datafield ind1=" " ind2=" " tag="300"><subfield code="a">v.</subfield></datafield><datafield ind1=" " ind2=" " tag="310"><subfield code="a">Weekly</subfield></datafield><datafield ind1="1" ind2=" " tag="362"><subfield code="a">Began in 1901; ceased in 1918.</subfield></datafield><datafield ind1=" " ind2=" " tag="588"><subfield code="a">Description based on: Vol. 3, no. 40 (May 5, 1904).</subfield></datafield><datafield ind1=" " ind2="4" tag="651"><subfield code="a">Cheyenne (Okla.)</subfield><subfield code="v">Newspapers.</subfield></datafield><datafield ind1=" " ind2="4" tag="651"><subfield code="a">Roger Mills County (Okla.)</subfield><subfield code="v">Newspapers.</subfield></datafield><datafield ind1=" " ind2=" " tag="752"><subfield code="a">United States</subfield><subfield code="b">Oklahoma</subfield><subfield code="c">Roger Mills</subfield><subfield code="d">Cheyenne.</subfield></datafield><datafield ind1="0" ind2="0" tag="780"><subfield code="t">Western star (Cheyenne, Okla.)</subfield><subfield code="w">(DLC)sn 93066177</subfield><subfield code="w">(OCoLC)29177686</subfield></datafield><datafield ind1="0" ind2="5" tag="780"><subfield code="t">Crawford blade</subfield><subfield code="w">(DLC)sn 93066176</subfield><subfield code="w">(OCoLC)29177553</subfield></datafield><datafield ind1="0" ind2="7" tag="785"><subfield code="t">Roger Mills sentinel</subfield><subfield code="w">(DLC)sn 93066179</subfield><subfield code="w">(OCoLC)29177884</subfield></datafield><datafield ind1="0" ind2="7" tag="785"><subfield code="t">Cheyenne star and Roger Mills sentinel</subfield><subfield code="w">(DLC)sn 93066180</subfield><subfield code="w">(OCoLC)29178390</subfield></datafield><datafield ind1="1" ind2=" " tag="029"><subfield code="a">AU@</subfield><subfield code="b">000022801869</subfield></datafield></record>